<?xml version="1.0" encoding="UTF-8"?><collection xmlns="http://www.loc.gov/MARC21/slim"><record><leader>00623nam--2200193-i-4500</leader><controlfield tag="001">000045457</controlfield><controlfield tag="002">20161230</controlfield><controlfield tag="005">20170103010935</controlfield><controlfield tag="008">060222s1000------------r-----000-0-rus-d</controlfield><datafield ind1=" " ind2=" " tag="040"><subfield code="a">IFIN-HH</subfield></datafield><datafield ind1=" " ind2=" " tag="041"><subfield code="a">rus</subfield></datafield><datafield ind1=" " ind2=" " tag="080"><subfield code="a">53</subfield></datafield><datafield ind1="1" ind2=" " tag="100"><subfield code="a">Cavaleru, Al</subfield></datafield><datafield ind1="1" ind2="0" tag="245"><subfield code="a">Tehnici in fizica aplicata. Manual pentru licee de matematica-fizica cu profil de fizica-electrotehnica clasa a XI-a</subfield><subfield code="c">Al. Cavaleru, Marieta Nicolae, Leon Grigorescu, Adriana Teodoru</subfield></datafield><datafield ind1=" " ind2=" " tag="260"><subfield code="a">Bucuresti</subfield><subfield code="b">Editura Didactica Si Pedagogica</subfield><subfield code="c">1980</subfield></datafield><datafield ind1=" " ind2=" " tag="300"><subfield code="a">332 p</subfield></datafield><datafield ind1="1" ind2=" " tag="700"><subfield code="a">Teodoru, Adriana</subfield></datafield><datafield ind1=" " ind2=" " tag="852"><subfield code="a">79653</subfield><subfield code="c">53</subfield></datafield><datafield ind1=" " ind2=" " tag="CAT"><subfield code="a">SYS</subfield><subfield code="c">20170103</subfield><subfield code="h">010935</subfield></datafield></record></collection>